@book{明史1974,
  title     = {明史},
  author    = {張廷玉},
  publisher = {中华书局},
  address   = {北京},
  year      = {1974}
}

@book{南明史,
  title     = {南明史},
  author    = {錢海岳},
  publisher = {中华书局},
  address   = {北京},
  year      = {2004}
}

@book{明史武英殿,
  title     = {明史},
  author    = {張廷玉},
  publisher = {武英殿修書處},
  address   = {北京},
  year      = {清乾隆四年, 1739},
  url       = {https://nrs.harvard.edu/urn-3:FHCL:4872326?n=3},
  urldate   = {2021-08-16}
}

@book{明史藁王鴻緖,
  title     = {明史藁},
  author    = {王鴻緖},
  publisher = {敬愼堂},
  year      = {雍正元年, 1723},
  url       = {https://nrs.harvard.edu/urn-3:FHCL:4870979?n=24},
  urldate   = {2021-08-16}
}

@booklet{明史稿萬斯同,
  title   = {明史},
  author  = {萬斯同},
  year    = {清},
  url     = {http://read.nlc.cn/allSearch/searchDetail?searchType=all&showType=1&indexName=data_892&fid=412000002909},
  urldate = {2021-08-16}
}

@book{明實錄,
  title     = {明實錄},
  editor    = {中央研究院歷史語言研究所},
  year      = {1962},
  url       = {http://sillok.history.go.kr/imageViewer/?levelId},
  publisher = {中央研究院歷史語言研究所},
  note      = {影印國立北平圖書館紅格鈔本},
  address   = {臺北},
  urldate   = {2021-08-16}
}

@book{名山藏,
  title     = {名山藏},
  year      = {明崇禎 era (1628-1644)},
  url       = {https://nrs.harvard.edu/urn-3:FHCL:4516708?n=1209},
  author    = {何喬遠},
  address   = {福建},
  publisher = {沈猶龍},
  urldate   = {2021-08-16}
}

@article{明史德王府世系表訂誤,
  journal = {中央研究院歷史語言研究所集刊},
  title   = {明史德王府世系表訂誤},
  author  = {李晉華},
  year    = {1939},
  volume  = {8},
  url     = {http://www2.ihp.sinica.edu.tw/file/4887QLSZESB.pdf},
  urldate = {2021-08-16}
}

@article{徐俊谈点校本二十四史的修订,
  journal = {东方早报},
  author  = {黄晓峰},
  year    = {2013-08-04},
  title   = {徐俊谈点校本二十四史的修订},
  volume  = {第B02版: 访谈},
  url     = {http://www.guoxue.com/?p=13940},
  urldate = {2021-08-19}
}